%YAML 1.1
%TAG !u! tag:unity3d.com,2011:
--- !u!241 &24100000
AudioMixerController:
  m_ObjectHideFlags: 0
  m_PrefabParentObject: {fileID: 0}
  m_PrefabInternal: {fileID: 0}
  m_Name: Player
  m_OutputGroup: {fileID: 24352166, guid: c535aa496d4d89749a54cf5cd9107d9e, type: 2}
  m_MasterGroup: {fileID: 24300001}
  m_Snapshots:
  - {fileID: 24500003}
  - {fileID: 24583706}
  m_StartSnapshot: {fileID: 24500003}
  m_SuspendThreshold: -80
  m_EnableSuspend: 1
  m_ExposedParameters: []
  m_AudioMixerGroupViews:
  - guids:
    - d4385df5414ca8b438d59495478e095b
    - 4b9fb7f280aca8c41b4eb027e6cc6568
    - 520f848ed67e5544a9dddfdfe8fd3258
    - 73ce7308a447f7e428cab3cbf0f18fea
    - 91ca1ee4491d849459210c173e468b8d
    - 9c50efe44bad6a34cbe4238d4b284edf
    name: View
  m_CurrentViewIndex: 0
  m_TargetSnapshot: {fileID: 24500003}
--- !u!243 &24300001
AudioMixerGroupController:
  m_ObjectHideFlags: 0
  m_PrefabParentObject: {fileID: 0}
  m_PrefabInternal: {fileID: 0}
  m_Name: Master
  m_AudioMixer: {fileID: 24100000}
  m_GroupID: d4385df5414ca8b438d59495478e095b
  m_Children:
  - {fileID: 24305852}
  - {fileID: 24325544}
  - {fileID: 24396130}
  - {fileID: 24339938}
  - {fileID: 24349534}
  m_Volume: fea1c93ebc6e55744b1521546a9990f8
  m_Pitch: 1d2e79f802643f044bfdbf3a25c05b05
  m_Effects:
  - {fileID: 24400002}
  m_UserColorIndex: 0
  m_Mute: 0
  m_Solo: 0
  m_BypassEffects: 0
--- !u!243 &24305852
AudioMixerGroupController:
  m_ObjectHideFlags: 0
  m_PrefabParentObject: {fileID: 0}
  m_PrefabInternal: {fileID: 0}
  m_Name: Jump
  m_AudioMixer: {fileID: 24100000}
  m_GroupID: 4b9fb7f280aca8c41b4eb027e6cc6568
  m_Children: []
  m_Volume: d4072beb3ba76684bae2dc504f2c05f1
  m_Pitch: 82437304164f2ae4cb5484b4d3c5e136
  m_Effects:
  - {fileID: 24416292}
  m_UserColorIndex: 0
  m_Mute: 0
  m_Solo: 0
  m_BypassEffects: 0
--- !u!243 &24325544
AudioMixerGroupController:
  m_ObjectHideFlags: 0
  m_PrefabParentObject: {fileID: 0}
  m_PrefabInternal: {fileID: 0}
  m_Name: Damage/Death
  m_AudioMixer: {fileID: 24100000}
  m_GroupID: 520f848ed67e5544a9dddfdfe8fd3258
  m_Children: []
  m_Volume: fd79b6836cabf7449884c96d8d01a21b
  m_Pitch: baa1300eb5849e84f83b91f86a271c32
  m_Effects:
  - {fileID: 24455382}
  m_UserColorIndex: 0
  m_Mute: 0
  m_Solo: 0
  m_BypassEffects: 0
--- !u!243 &24339938
AudioMixerGroupController:
  m_ObjectHideFlags: 0
  m_PrefabParentObject: {fileID: 0}
  m_PrefabInternal: {fileID: 0}
  m_Name: reverb
  m_AudioMixer: {fileID: 24100000}
  m_GroupID: 91ca1ee4491d849459210c173e468b8d
  m_Children: []
  m_Volume: c7f833af491731b4e872f4c67c1437c4
  m_Pitch: ae0e90f9c9f01914d9a37bd9a845093a
  m_Effects:
  - {fileID: 24441182}
  - {fileID: 24436920}
  - {fileID: 24441128}
  - {fileID: 24482796}
  m_UserColorIndex: 0
  m_Mute: 0
  m_Solo: 0
  m_BypassEffects: 0
--- !u!243 &24349534
AudioMixerGroupController:
  m_ObjectHideFlags: 0
  m_PrefabParentObject: {fileID: 0}
  m_PrefabInternal: {fileID: 0}
  m_Name: Close2Death
  m_AudioMixer: {fileID: 24100000}
  m_GroupID: 9c50efe44bad6a34cbe4238d4b284edf
  m_Children: []
  m_Volume: e17120982cfb1bc40a094effb23de726
  m_Pitch: c2e26a4f3c77bee4aae865d07cacd123
  m_Effects:
  - {fileID: 24479346}
  m_UserColorIndex: 0
  m_Mute: 0
  m_Solo: 0
  m_BypassEffects: 0
--- !u!243 &24396130
AudioMixerGroupController:
  m_ObjectHideFlags: 0
  m_PrefabParentObject: {fileID: 0}
  m_PrefabInternal: {fileID: 0}
  m_Name: Screech
  m_AudioMixer: {fileID: 24100000}
  m_GroupID: 73ce7308a447f7e428cab3cbf0f18fea
  m_Children: []
  m_Volume: a53f2db01c6d1d5409ccc1e73cbe6284
  m_Pitch: 0db4e13000f152d4fafb6df40fb9aaaa
  m_Effects:
  - {fileID: 24425294}
  - {fileID: 24462682}
  m_UserColorIndex: 0
  m_Mute: 0
  m_Solo: 0
  m_BypassEffects: 0
--- !u!244 &24400002
AudioMixerEffectController:
  m_ObjectHideFlags: 3
  m_PrefabParentObject: {fileID: 0}
  m_PrefabInternal: {fileID: 0}
  m_Name: 
  m_EffectID: 7e5de1797785af94cb89d0e349fadff4
  m_EffectName: Attenuation
  m_MixLevel: c2b9249427ea7ea40abf6fd3b237c83d
  m_Parameters: []
  m_SendTarget: {fileID: 0}
  m_EnableWetMix: 0
  m_Bypass: 0
--- !u!244 &24416292
AudioMixerEffectController:
  m_ObjectHideFlags: 3
  m_PrefabParentObject: {fileID: 0}
  m_PrefabInternal: {fileID: 0}
  m_Name: 
  m_EffectID: 3d11e0f6b903bef45925f4c9f3322483
  m_EffectName: Attenuation
  m_MixLevel: 7aa0ef6a11327e34483a9739e41ab269
  m_Parameters: []
  m_SendTarget: {fileID: 0}
  m_EnableWetMix: 0
  m_Bypass: 0
--- !u!244 &24425294
AudioMixerEffectController:
  m_ObjectHideFlags: 3
  m_PrefabParentObject: {fileID: 0}
  m_PrefabInternal: {fileID: 0}
  m_Name: 
  m_EffectID: e75f875d2f8a591449ad4d68ed3bbc9a
  m_EffectName: Send
  m_MixLevel: c8aa924286c588449a1b704cf3e3aa60
  m_Parameters: []
  m_SendTarget: {fileID: 24441182}
  m_EnableWetMix: 0
  m_Bypass: 0
--- !u!244 &24436920
AudioMixerEffectController:
  m_ObjectHideFlags: 3
  m_PrefabParentObject: {fileID: 0}
  m_PrefabInternal: {fileID: 0}
  m_Name: 
  m_EffectID: 70c4ebffcffe2474ab1a4bd7a18d2f64
  m_EffectName: Demo ModalFilter
  m_MixLevel: 3c42bfe3cecb8df4f8e39d3ca5617ecb
  m_Parameters:
  - m_ParameterName: Random seed
    m_GUID: d7572a77440fa7441a4c13f3c4a577d7
  - m_ParameterName: Num modes
    m_GUID: 8f0489bc0192cea40ab70c8af9a63585
  - m_ParameterName: Freq shift
    m_GUID: 5f89d977bcaa45a4c85d0c6a17486827
  - m_ParameterName: Freq shift var
    m_GUID: 00ed0361e5e905044888412fb7165cdc
  - m_ParameterName: Freq scale
    m_GUID: bfb48113338321c45b071f656f219b59
  - m_ParameterName: Freq scale var
    m_GUID: e97df49dba341bf4d8ef10989a5c00d2
  - m_ParameterName: BW scale
    m_GUID: e9e7cd030164b01488b0b6784c5a1cde
  - m_ParameterName: BW scale var
    m_GUID: 8934ff038d85cf54998358b8d662cfac
  - m_ParameterName: Gain scale
    m_GUID: bb1f696b61512ae4698cc4dcc2a6676a
  - m_ParameterName: Gain scale var
    m_GUID: 5d93b9733f0c47b4988033498ae184bb
  - m_ParameterName: ShowSpectrum
    m_GUID: 9b0ebdb98c5acf643a4136a0718f58cc
  - m_ParameterName: SpectrumDecay
    m_GUID: 9f8f074dc5544934eaf91f9f3b2faecb
  - m_ParameterName: SpectrumOffset
    m_GUID: ffc9b59467722e8419b0b681558b0efc
  m_SendTarget: {fileID: 0}
  m_EnableWetMix: 0
  m_Bypass: 0
--- !u!244 &24441128
AudioMixerEffectController:
  m_ObjectHideFlags: 3
  m_PrefabParentObject: {fileID: 0}
  m_PrefabInternal: {fileID: 0}
  m_Name: 
  m_EffectID: 4543288beedc5264d9aba79185fbe682
  m_EffectName: SFX Reverb
  m_MixLevel: 8d8d8a69533ba36498c165ca308cd7bb
  m_Parameters:
  - m_ParameterName: Dry Level
    m_GUID: 22b910fc926a60b4dbe7d794da49b9ff
  - m_ParameterName: Room
    m_GUID: c181f42c321df03469672b3675d20605
  - m_ParameterName: Room HF
    m_GUID: f6e34c377481185418d69d99db8a29bb
  - m_ParameterName: Decay Time
    m_GUID: 219cecc58ee96734a899c375ddc9632d
  - m_ParameterName: Decay HF Ratio
    m_GUID: 01b897fead4a3f54989d39fe2fb57bc9
  - m_ParameterName: Reflections
    m_GUID: 30a770c76532d73488276e4cadabf8d3
  - m_ParameterName: Reflect Delay
    m_GUID: 223687a795b962a478344a4cb4d5b3a9
  - m_ParameterName: Reverb
    m_GUID: f217863ab6f2ca748981501b5d96ba39
  - m_ParameterName: Reverb Delay
    m_GUID: 012e644da6ae53440a45309858fc1511
  - m_ParameterName: Diffusion
    m_GUID: 6b4ef967daede2a47a0dc984d107639d
  - m_ParameterName: Density
    m_GUID: e35510a721168174f934c1419ce5da3e
  - m_ParameterName: HF Reference
    m_GUID: 2ba6f51fc6dc1dd4ebaf9158cea1623b
  - m_ParameterName: Room LF
    m_GUID: 96b0ed58b30ebc0449322ea9b5abed61
  - m_ParameterName: LF Reference
    m_GUID: 7c291bb6709a1e441a826ee5357b7fbe
  m_SendTarget: {fileID: 0}
  m_EnableWetMix: 0
  m_Bypass: 0
--- !u!244 &24441182
AudioMixerEffectController:
  m_ObjectHideFlags: 3
  m_PrefabParentObject: {fileID: 0}
  m_PrefabInternal: {fileID: 0}
  m_Name: 
  m_EffectID: c1988f16d0845eb4db9179ffbe0899e7
  m_EffectName: Receive
  m_MixLevel: 4bfa89b5ee1c1b34eb2ad147729c24b8
  m_Parameters: []
  m_SendTarget: {fileID: 0}
  m_EnableWetMix: 0
  m_Bypass: 0
--- !u!244 &24455382
AudioMixerEffectController:
  m_ObjectHideFlags: 3
  m_PrefabParentObject: {fileID: 0}
  m_PrefabInternal: {fileID: 0}
  m_Name: 
  m_EffectID: 38b1e1190e7b30441866020e6c1d8176
  m_EffectName: Attenuation
  m_MixLevel: 4c69c17e85aec61488acd4c1803274bc
  m_Parameters: []
  m_SendTarget: {fileID: 0}
  m_EnableWetMix: 0
  m_Bypass: 0
--- !u!244 &24462682
AudioMixerEffectController:
  m_ObjectHideFlags: 3
  m_PrefabParentObject: {fileID: 0}
  m_PrefabInternal: {fileID: 0}
  m_Name: 
  m_EffectID: cefac204af4e2224aa440f4de002c4d2
  m_EffectName: Attenuation
  m_MixLevel: 2d5512d683823014081ce285ffd524b6
  m_Parameters: []
  m_SendTarget: {fileID: 0}
  m_EnableWetMix: 0
  m_Bypass: 0
--- !u!244 &24479346
AudioMixerEffectController:
  m_ObjectHideFlags: 3
  m_PrefabParentObject: {fileID: 0}
  m_PrefabInternal: {fileID: 0}
  m_Name: 
  m_EffectID: fb35224a1a081c844a479ff6d87dbe27
  m_EffectName: Attenuation
  m_MixLevel: eda761d9197c89f40a48c19a9c6c0651
  m_Parameters: []
  m_SendTarget: {fileID: 0}
  m_EnableWetMix: 0
  m_Bypass: 0
--- !u!244 &24482796
AudioMixerEffectController:
  m_ObjectHideFlags: 3
  m_PrefabParentObject: {fileID: 0}
  m_PrefabInternal: {fileID: 0}
  m_Name: 
  m_EffectID: 577f875fd6a7c2c47bb13db333750d7c
  m_EffectName: Attenuation
  m_MixLevel: f9e3fb4490bf63b42a211926c89bbb8a
  m_Parameters: []
  m_SendTarget: {fileID: 0}
  m_EnableWetMix: 0
  m_Bypass: 0
--- !u!245 &24500003
AudioMixerSnapshotController:
  m_ObjectHideFlags: 0
  m_PrefabParentObject: {fileID: 0}
  m_PrefabInternal: {fileID: 0}
  m_Name: ScreechLow
  m_AudioMixer: {fileID: 24100000}
  m_SnapshotID: 5e09f2dd5f2ad4444b9f3029e0bf5f6f
  m_FloatValues:
    0db4e13000f152d4fafb6df40fb9aaaa: 0.75
    a53f2db01c6d1d5409ccc1e73cbe6284: 3.2656827
    00ed0361e5e905044888412fb7165cdc: 1909
    6316411263957f14da512c1054af2c29: 0.62
    c8aa924286c588449a1b704cf3e3aa60: -28.033625
    2195a292ea705ba4b949aa09fc5342e3: -78
    42de1913598acc64ab5eab7bbe322ecf: 1.3
    fd79b6836cabf7449884c96d8d01a21b: -2.2889833
    82437304164f2ae4cb5484b4d3c5e136: 1.15
    dde90645a6d420f4ca2c74ef66f6f382: 25455
    219cecc58ee96734a899c375ddc9632d: 0.7
    424bc246e1466104d9b7e16febc760bd: 2236
    5f89d977bcaa45a4c85d0c6a17486827: 2727
    d7572a77440fa7441a4c13f3c4a577d7: 65455
    6a0c0958fc853934e83d9e6d894cb726: 5
    e17120982cfb1bc40a094effb23de726: -9
    3d3608a9f23775b42a8a9b29dcf273f3: -4.5
    51dea1f90a861a94e8367743c2176348: 159
    bb1f696b61512ae4698cc4dcc2a6676a: 25
    d4072beb3ba76684bae2dc504f2c05f1: -1.5191216
    c181f42c321df03469672b3675d20605: 0
    17facd6c9c958e1438442621e6e4b412: 1473
    22b910fc926a60b4dbe7d794da49b9ff: -10000
    e97df49dba341bf4d8ef10989a5c00d2: 2
    baa1300eb5849e84f83b91f86a271c32: 0.95
    01b897fead4a3f54989d39fe2fb57bc9: 0.96
    c2e26a4f3c77bee4aae865d07cacd123: 1.1
    c7f833af491731b4e872f4c67c1437c4: 0.13552582
  m_TransitionOverrides: {}
--- !u!245 &24583706
AudioMixerSnapshotController:
  m_ObjectHideFlags: 0
  m_PrefabParentObject: {fileID: 0}
  m_PrefabInternal: {fileID: 0}
  m_Name: ScreechHigh
  m_AudioMixer: {fileID: 24100000}
  m_SnapshotID: ec414a134547ad64a95db67752888e12
  m_FloatValues:
    0db4e13000f152d4fafb6df40fb9aaaa: 1.5
    a53f2db01c6d1d5409ccc1e73cbe6284: 3.2656827
    00ed0361e5e905044888412fb7165cdc: 1909
    6316411263957f14da512c1054af2c29: 0.62
    c8aa924286c588449a1b704cf3e3aa60: -28.033625
    2195a292ea705ba4b949aa09fc5342e3: -78
    42de1913598acc64ab5eab7bbe322ecf: 1.3
    fd79b6836cabf7449884c96d8d01a21b: -2.2889833
    82437304164f2ae4cb5484b4d3c5e136: 1.15
    dde90645a6d420f4ca2c74ef66f6f382: 25455
    219cecc58ee96734a899c375ddc9632d: 0.7
    424bc246e1466104d9b7e16febc760bd: 2236
    5f89d977bcaa45a4c85d0c6a17486827: 2727
    d7572a77440fa7441a4c13f3c4a577d7: 65455
    6a0c0958fc853934e83d9e6d894cb726: 5
    3d3608a9f23775b42a8a9b29dcf273f3: -4.5
    51dea1f90a861a94e8367743c2176348: 159
    bb1f696b61512ae4698cc4dcc2a6676a: 25
    d4072beb3ba76684bae2dc504f2c05f1: -1.5191216
    c181f42c321df03469672b3675d20605: 0
    17facd6c9c958e1438442621e6e4b412: 1473
    22b910fc926a60b4dbe7d794da49b9ff: -10000
    e97df49dba341bf4d8ef10989a5c00d2: 2
    baa1300eb5849e84f83b91f86a271c32: 0.95
    01b897fead4a3f54989d39fe2fb57bc9: 0.96
    c7f833af491731b4e872f4c67c1437c4: 0.13552582
  m_TransitionOverrides: {}
